<?xml version="1.0" encoding="UTF-8"?><record xmlns="http://www.loc.gov/MARC21/slim" xmlns:cinclude="http://apache.org/cocoon/include/1.0" xmlns:zs="http://www.loc.gov/zing/srw/">
  <leader>00373cz  a2200121n  4500</leader>
  <controlfield tag="001">n 2006036541</controlfield>
  <controlfield tag="003">DLC</controlfield>
  <controlfield tag="005">20060509151921.0</controlfield>
  <controlfield tag="008">060509n| acannaabn          |n aaa      </controlfield>
  <datafield tag="010" ind1=" " ind2=" ">
    <subfield code="a">n 2006036541</subfield>
  </datafield>
  <datafield tag="040" ind1=" " ind2=" ">
    <subfield code="a">DLC</subfield>
    <subfield code="b">eng</subfield>
    <subfield code="c">DLC</subfield>
  </datafield>
  <datafield tag="100" ind1="1" ind2=" ">
    <subfield code="a">Mielczarski, Cyprian</subfield>
  </datafield>
  <datafield tag="670" ind1=" " ind2=" ">
    <subfield code="a">Mielczarski, Cyprian. Mie台dzy gramatyka台 scholastyczna台 a humanistyczna台, 2003:</subfield>
    <subfield code="b">t.p. (Cyprian Mielczarski)</subfield>
  </datafield>
</record>